<collection xmlns="http://www.loc.gov/MARC21/slim"><record><leader>00903nam  2200289   450</leader><controlfield tag="001">43</controlfield><controlfield tag="003">http://montalegre.opacnet.com/OPAC/default.aspx?ContentAreaControl=ShowRegHoldings.ascx&amp;RegNo=16662</controlfield><datafield tag="010" ind1=" " ind2=" "><subfield code="a">972-23-1551-X</subfield></datafield><datafield tag="021" ind1=" " ind2=" "><subfield code="a">PT</subfield><subfield code="b">53034/92</subfield></datafield><datafield tag="095" ind1=" " ind2=" "><subfield code="a">PTBN00406807</subfield></datafield><datafield tag="100" ind1=" " ind2=" "><subfield code="a">20061013d1992    m  y0pory010305  ba</subfield></datafield><datafield tag="101" ind1="1" ind2=" "><subfield code="a">por</subfield><subfield code="c">eng</subfield></datafield><datafield tag="102" ind1=" " ind2=" "><subfield code="a">PT</subfield></datafield><datafield tag="105" ind1=" " ind2=" "><subfield code="a">y   z   000ay</subfield></datafield><datafield tag="106" ind1=" " ind2=" "><subfield code="a">r</subfield></datafield><datafield tag="200" ind1="1" ind2=" "><subfield code="a">&lt;A &gt;música do acaso</subfield><subfield code="f">Paul Auster</subfield><subfield code="g">trad. Ana Patrão</subfield><subfield code="g">rev. de texto Alexandra Rebelo</subfield></datafield><datafield tag="205" ind1=" " ind2=" "><subfield code="a">1ª ed</subfield></datafield><datafield tag="210" ind1=" " ind2=" "><subfield code="a">Lisboa</subfield><subfield code="c">Presença</subfield><subfield code="d">1992</subfield></datafield><datafield tag="215" ind1=" " ind2=" "><subfield code="a">177 p.</subfield><subfield code="d">23 cm</subfield></datafield><datafield tag="225" ind1="2" ind2=" "><subfield code="a">Novos continentes</subfield><subfield code="v">50</subfield></datafield><datafield tag="304" ind1=" " ind2=" "><subfield code="a">Tít. orig.: The music of chance</subfield></datafield><datafield tag="675" ind1=" " ind2=" "><subfield code="a">821</subfield><subfield code="v">BN</subfield><subfield code="z">por</subfield></datafield><datafield tag="700" ind1=" " ind2="1"><subfield code="a">Auster</subfield><subfield code="b">Paul</subfield><subfield code="f">1947-</subfield></datafield><datafield tag="702" ind1=" " ind2="1"><subfield code="a">Patrão</subfield><subfield code="b">Ana Paula</subfield><subfield code="f">1960</subfield><subfield code="4">730</subfield></datafield><datafield tag="702" ind1=" " ind2="1"><subfield code="a">Rebelo</subfield><subfield code="b">Alexandra</subfield><subfield code="4">640</subfield></datafield><datafield tag="801" ind1=" " ind2="0"><subfield code="a">PT</subfield><subfield code="b">Biblioteca Municipal de Montalegre</subfield><subfield code="g">RPC</subfield></datafield><datafield tag="856" ind1=" " ind2=" "><subfield code="u">locateMedia.asp?cod=20060504155800&amp;ext=jpg</subfield><subfield code="z">CAPA</subfield></datafield><datafield tag="909" ind1="&#9;" ind2=" "><subfield code="a">1</subfield></datafield><datafield tag="966" ind1=" " ind2=" "><subfield code="a">0008320</subfield><subfield code="l">BMM</subfield><subfield code="s">SCG 821 AUS mús 50</subfield></datafield></record></collection>